@inproceedings{curryZeroOnline602020,
  title = {Zero to Online in 60 Seconds: Moving {{Undergraduate Research Day}} to {{Open Science Framework}} [{{Lightning}} Talk]},
  booktitle = {University {{Library Day}}},
  author = {Curry, Claire M.},
  year = {2020},
  address = {Virtual}
}

@inproceedings{curryEfficacyAdjustedSongs2017,
  title = {Efficacy of Adjusted Songs for Communication in Noise Varies with Infrastructure Type and Hormone Levels [{{Oral}} Presentation]. {{{\emph{In}}}}: {{Mechanisms}} Underlying Avian Response to Energy Development [{{Symposium}}]},
  booktitle = {American {{Ornithology}}},
  author = {Curry, Claire M. and Des Brisay, Paulson and Rosa, Patricia and Koper, Nicola},
  year = {2017},
  address = {East Lansing, MI, USA}
}

@inproceedings{koperIndustrialNoiseOil2017,
  title = {Industrial Noise and Oil Wells: Effects on Birds [{{Oral}} Presentation]},
  booktitle = {University of {{Winnipeg Seminar Series}}},
  author = {Koper, Nicola and Rosa, Patricia and Curry, Claire M. and {Bernath-Plaisted}, Jacy and Nenninger, Heather R. and Daniel, Jody},
  year = {2017},
  address = {Winnipeg, MB, Canada}
}

@inproceedings{koperEffectsNoisyOil2017,
  title = {Effects of Noisy Oil and Gas Infrastructure and Anthropogenic Noise on Abundance, Productivity, and Behaviour of Grassland Songbirds [{{Oral}} Presentation]},
  booktitle = {Universit{\'e} Du {{Queb{\'e}c}} {\`a} {{Trois-Rivi{\`e}res Seminar Series}}},
  author = {Koper, Nicola and Rosa, Patricia and Curry, Claire M. and {Bernath-Plaisted}, Jacy and Warrington, Miya and Nenninger, Heather R.},
  year = {2017},
  address = {Trois-Rivi{\`e}res QC, Canada}
}

@inproceedings{curryGeneticBehavioralDynamics2009,
  title = {Genetic and Behavioral Dynamics in a Complex Avian Hybrid Zone [{{Oral}} Presentation]},
  booktitle = {Ecology and {{Evolutionary Biology}} Seminar (``{{Ecomunch}}'') at {{University}} of {{Oklahoma}}},
  author = {Curry, Claire M.},
  year = {2009},
  address = {Norman, OK, USA}
}

@inproceedings{currySongVariesYounger2011b,
  title = {Song Varies across Younger and Older Hybrid Zones in {{Black-crested}} ({{{\emph{Baeolophus}}}}{\emph{ Atricristatus}}) and {{Tufted}} ({{{\emph{B}}}}{\emph{. Bicolor}}) Titmice [{{Oral}} Presentation]},
  booktitle = {Ecology and {{Evolutionary Biology}} Seminar (``{{Ecomunch}}'') at {{University}} of {{Oklahoma}}},
  author = {Curry, Claire M. and Patten, Michael A.},
  year = {2011},
  address = {Norman, OK, USA}
}

@inproceedings{currySongVariesYounger2011c,
  title = {Song Varies across Younger and Older Hybrid Zones in {{Black-crested}} ({{{\emph{Baeolophus}}}}{\emph{ Atricristatus}}) and {{Tufted}} ({{{\emph{B}}}}{\emph{. Bicolor}}) Titmice [{{Poster}}]},
  booktitle = {Graduate {{College Student Research}} and {{Performance Day}}, {{University}} of {{Oklahoma}}},
  author = {Curry, Claire M. and Patten, Michael A.},
  year = {2011},
  address = {Norman, OK, USA}
}

@inproceedings{currySongDifferencesTufted2010,
  title = {Song Differences between {{Tufted}} and {{Black-crested Titmouse}} [{{Poster}}]},
  booktitle = {Graduate {{College Student Research}} and {{Performance Day}}, {{University}} of {{Oklahoma}}},
  author = {Curry, Claire M. and Patten, Michael A.},
  year = {2010},
  address = {Norman, OK, USA}
}

@inproceedings{curryEvolutionReproductiveIsolation2013,
  title = {The Evolution of Reproductive Isolation in a Temporally Complex Passerine Hybrid Zone [{{Oral}} Presentation]},
  booktitle = {Biology Department Seminar, {{University}} of {{Oklahoma}}},
  author = {Curry, Claire M.},
  year = {2013},
  address = {Norman, OK, USA}
}

@inproceedings{curryEvolutionReproductiveIsolation2013a,
  title = {The Evolution of Reproductive Isolation in a Temporally Complex Passerine Hybrid Zone [{{Oral}} Presentation]},
  booktitle = {Ecology and {{Evolutionary Biology}} Seminar at {{Kansas State University}}},
  author = {Curry, Claire M.},
  year = {2013},
  address = {Manhattan, KS, USA},
  abstract = {Invited seminar, host Dr. Brett Sandercock}
}

@inproceedings{curryEvolutionReproductiveIsolation2014b,
  title = {Evolution of Reproductive Isolation in a Temporally Complex Songbird Hybrid Zone [{{Oral}} Presentation]},
  booktitle = {Natural {{Resources Institute Seminar Series}}, {{University}} of {{Manitoba}}},
  author = {Curry, Claire M.},
  year = {2014},
  address = {Winnipeg, MB, Canada},
  abstract = {Invited seminar, host Dr. Brett Sandercock}
}

@inproceedings{curryAdaptationEvolutionRole2014,
  title = {Adaptation and Evolution: The Role of Evolution in Conservation and Management [{{Guest}} Lecture]},
  booktitle = {Ecological {{Dimensions}} of {{Resource}} and {{Environmental Management}} ({{NRI7232}}), {{Natural Resources Institute}}, {{University}} of {{Manitoba}}},
  author = {Curry, Claire M.},
  year = {2014},
  address = {Winnipeg, MB, Canada},
  abstract = {Invited by the instructor, Dr. Nicola Koper}
}

@inproceedings{curryManagementAnalysisQuantitative2015,
  title = {Management and Analysis of Quantitative Data [{{Guest}} Lecture]},
  booktitle = {{{NRI7262}}: {{Master}}'s {{Thesis Research Seminar}}, {{Natural Resources Institute}}, {{University}} of {{Manitoba}}},
  author = {Curry, Claire M.},
  year = {2015},
  address = {Winnipeg, MB, Canada},
  abstract = {Invited by the instructor, Dr. John Sinclair}
}

@inproceedings{koperEffectsNoisyPetroleum2017,
  title = {Effects of Noisy Petroleum Infrastructure on Grassland Songbirds in {{Alberta}}, {{Canada}} [{{Oral}} Presentation]},
  booktitle = {Entomology {{Department Seminar Series}}, {{University}} of {{Manitoba}}},
  author = {Koper, Nicola and Rosa, Patricia and Curry, Claire M. and {Bernath-Plaisted}, Jacy and Nenninger, Heather R. and Daniel, Jody},
  year = {2017},
  address = {Winnipeg, MB, Canada}
}

@inproceedings{koperEffectsNoisyPetroleum2017a,
  title = {Effects of Noisy Petroleum Infrastructure on Grassland Songbirds in {{Alberta}}, {{Canada}} [{{Oral}} Presentation]},
  booktitle = {St. {{George}}'s {{University}}, {{Grenada}}},
  author = {Koper, Nicola and Rosa, Patricia and Curry, Claire M. and {Bernath-Plaisted}, Jacy and Nenninger, Heather R. and Daniel, Jody},
  year = {2017},
  address = {Grenada, West Indies}
}

@inproceedings{koperEffectsOilGas2017,
  title = {Effects of Oil and Gas Infrastructure and Anthropogenic Noise on Grassland Songbirds [{{Oral}} Presentation]},
  booktitle = {National {{Wildlife Research Centre Seminar Series}}, {{Carleton University}}},
  author = {Koper, Nicola and Rosa, Patricia and Curry, Claire M. and {Bernath-Plaisted}, Jacy and Nenninger, Heather R. and Warrington, Miya and Daniel, Jody},
  year = {2017},
  address = {Ottawa, ON, Canada}
}

@inproceedings{koperEffectsEnergyInfrastructure2016a,
  title = {Effects of Energy Infrastructure on Grassland Songbirds [{{Oral}} Presentation]},
  booktitle = {Cenovus {{Lunch}} and {{Learn}} Seminar Series, {{Cenovus Energy}}},
  author = {Koper, Nicola and Curry, Claire M. and Antze, Bridget and Daniel, Jody and Nenninger, Heather R. and {Bernath-Plaisted}, Jacy and Rosa, Patricia and Warrington, Miya},
  year = {2016},
  address = {Calgary, AB, Canada}
}

@inproceedings{koperEffectsEnergyInfrastructure2015a,
  title = {Effects of Energy Infrastructure and Operating Noise on Grassland Songbirds in {{Alberta}} [{{Oral}} Presentation]},
  booktitle = {National {{Wildlife Research Centre Seminar Series}}, {{National Wildlife Research Centre}}, {{Carleton University}}},
  author = {Koper, Nicola and {Bernath-Plaisted}, Jacy and Curry, Claire M. and Antze, Bridget and Warrington, Miya and Nenninger, Heather R. and Swider, Colin R. and Rosa, Patricia},
  year = {2015},
  address = {Ottawa, ON, Canada}
}

@inproceedings{koperMensurativeManipulativeDiverse2015,
  title = {From Mensurative to Manipulative: Diverse Study Designs to Understand Effects of Anthropogenic Disturbance and Habitat Fragmentation on Grassland Birds [{{Oral}} Presentation]},
  booktitle = {Ontario {{Grassland Guild}}},
  author = {Koper, Nicola and Rosa, Patricia and Lockhart, J. and Lwiwski, Tonya C. and Rodgers, J. and Molloy, K. and Curry, Claire M. and Fischer, Samantha and Swider, Colin R. and Yoo, J.},
  year = {2015},
  address = {Guelph, ON, Canada}
}

@inproceedings{koperEffectsShallowGas2015,
  title = {Effects of Shallow Gas and Oil Infrastructure and Operating Noise on Grassland Songbirds [{{Oral}} Presentation]},
  booktitle = {Canadian {{Wildlife Service}}},
  author = {Koper, Nicola and Rodgers, J. and Yoo, J. and Molloy, K. and {Bernath-Plaisted}, Jacy and Curry, Claire M. and Antze, Bridget and Warrington, Miya and Nenninger, Heather R. and Swider, Colin R. and Rosa, Patricia},
  year = {2015},
  address = {Edmonton, AB, Canada}
}

@inproceedings{curryPlainLanguageEvent2022,
  title = {Plain Language Event Pages: {{Writing}} Descriptions so People Know They  Need Your Research Workshop or Event! [{{Lightning}} Talk]},
  booktitle = {University {{Library Day}}},
  author = {Curry, Claire M.},
  year = {2022},
  address = {Norman, OK, USA}
}

@inproceedings{curryProjectRiskManagement2015,
  title = {Project and Risk Management. {{{\emph{In}}}} {{Critical Skills}} for the {{Early Career Professional Workshop}} [{{Invited}}]},
  booktitle = {The {{Wildlife Society Annual Meeting}}},
  author = {Curry, Claire M.},
  year = {2015},
  address = {Winnipeg, MB, Canada}
}

@inproceedings{curryCareersBiologyPanelist2015,
  title = {Careers in {{Biology}} [{{Panelist}}]},
  booktitle = {Prairie {{University Biology Symposium}}},
  author = {Curry, Claire M.},
  year = {2015},
  address = {Winnipeg, MB, Canada},
  abstract = {One of three early career biologists answering questions for graduate students}
}
