@article{curryFlightPathYoung2004,
  title = {Flight Path: {{Young}} Birder of the Year Contest.  {{A}} Birding Essay: {{Stubs}}},
  author = {Curry, Claire M.},
  year = {2004},
  journal = {Birding},
  volume = {36},
  number = {4},
  pages = {354--356},
  abstract = {Observations on a female Archilochus sp. hummingbird with a broken beak.}
}

@article{curryKillerMeadowlarks2004,
  title = {Killer Meadowlarks},
  author = {Curry, Claire M.},
  year = {2004},
  journal = {Texas Birds},
  volume = {5},
  number = {1},
  pages = {29--30},
  abstract = {Observations on an Eastern Meadowlark killing American Goldfinches during a winter storm.}
}

@article{curryRealBirdersDrool2004,
  title = {Real Birders Drool. {{{\emph{In}}}} {{Dimensions}}: {{Three}} Flights of Fancy.},
  author = {Curry, Claire M.},
  year = {2004},
  journal = {Birding},
  volume = {36},
  number = {3},
  pages = {288--289},
  abstract = {Humorous essay on the canine birding experience.}
}

@article{curryTailUnfortunateChickadee2002,
  title = {The Tail of an Unfortunate Chickadee},
  author = {Curry, Claire M.},
  year = {2002},
  journal = {Winging It},
  volume = {14},
  number = {2},
  pages = {4},
  abstract = {Description of a Carolina Chickadee trapped in an Argiope sp. spider web.}
}

@article{curryWestNileVirus2004,
  title = {West {{Nile}} Virus: Birds, People, {{andTexas}}},
  author = {Curry, Claire M.},
  year = {2004},
  journal = {Texas Birds},
  volume = {5},
  number = {1},
  pages = {14--16},
  abstract = {A short overview of West Nile Virus after its initial outbreak.}
}
