@inproceedings{curryAdaptationEvolutionRole2014,
  title = {Adaptation and Evolution: The Role of Evolution in Conservation and Management [{{Guest}} Lecture]},
  booktitle = {Ecological {{Dimensions}} of {{Resource}} and {{Environmental Management}} ({{NRI7232}}), {{Natural Resources Institute}}, {{University}} of {{Manitoba}}},
  author = {Curry, Claire M.},
  year = {2014},
  address = {Winnipeg, MB, Canada},
  annotation = {Invited by the instructor, Dr. Nicola Koper}
}

@inproceedings{curryEfficacyAdjustedSongs2017,
  title = {Efficacy of Adjusted Songs for Communication in Noise Varies with Infrastructure Type and Hormone Levels ({{Invited}} Oral Presentation). {{In}}: {{Mechanisms}} Underlying Avian Response to Energy Development ({{Symposium}})},
  booktitle = {American {{Ornithology}}},
  author = {Curry, Claire M. and Des Brisay, Paulson and Rosa, Patricia and Koper, Nicola},
  year = {2017},
  address = {East Lansing, MI, USA}
}

@inproceedings{curryEvolutionReproductiveIsolation2013,
  title = {The Evolution of Reproductive Isolation in a Temporally Complex Passerine Hybrid Zone [{{Oral}} Presentation]},
  booktitle = {Biology Department Seminar, {{University}} of {{Oklahoma}}},
  author = {Curry, Claire M.},
  year = {2013},
  address = {Norman, OK, USA}
}

@inproceedings{curryEvolutionReproductiveIsolation2013a,
  title = {The Evolution of Reproductive Isolation in a Temporally Complex Passerine Hybrid Zone [{{Oral}} Presentation]},
  booktitle = {Ecology and {{Evolutionary Biology}} Seminar at {{Kansas State University}}},
  author = {Curry, Claire M.},
  year = {2013},
  address = {Manhattan, KS, USA},
  annotation = {Invited seminar, host Dr. Brett Sandercock}
}

@inproceedings{curryEvolutionReproductiveIsolation2014b,
  title = {Evolution of Reproductive Isolation in a Temporally Complex Songbird Hybrid Zone [{{Oral}} Presentation]},
  booktitle = {Natural {{Resources Institute Seminar Series}}, {{University}} of {{Manitoba}}},
  author = {Curry, Claire M.},
  year = {2014},
  address = {Winnipeg, MB, Canada},
  annotation = {Invited seminar, host Dr. Brett Sandercock}
}

@inproceedings{curryGeneticBehavioralDynamics2009,
  title = {Genetic and Behavioral Dynamics in a Complex Avian Hybrid Zone [{{Oral}} Presentation]},
  booktitle = {Ecology and {{Evolutionary Biology}} Seminar (``{{Ecomunch}}'') at {{University}} of {{Oklahoma}}},
  author = {Curry, Claire M.},
  year = {2009},
  address = {Norman, OK, USA}
}

@inproceedings{curryManagementAnalysisQuantitative2015,
  title = {Management and Analysis of Quantitative Data [{{Guest}} Lecture]},
  booktitle = {Master's {{Thesis Research Seminar}} ({{NRI}} 7262), {{Natural Resources Institute}}, {{University}} of {{Manitoba}}},
  author = {Curry, Claire M.},
  year = {2015},
  address = {Winnipeg, MB, Canada},
  annotation = {Invited by the instructor, Dr. John Sinclair}
}

@inproceedings{currySongDifferencesTufted2010,
  title = {Song Differences between {{Tufted}} and {{Black-crested Titmouse}} [{{Poster}}]},
  booktitle = {Graduate {{College Student Research}} and {{Performance Day}}, {{University}} of {{Oklahoma}}},
  author = {Curry, Claire M. and Patten, Michael A.},
  year = {2010},
  address = {Norman, OK, USA}
}

@inproceedings{currySongVariesYounger2011b,
  title = {Song Varies across Younger and Older Hybrid Zones in {{Black-crested}} ({{{\emph{Baeolophus}}}}{\emph{ Atricristatus}}) and {{Tufted}} ({{{\emph{B}}}}{\emph{. Bicolor}}) Titmice [{{Oral}} Presentation]},
  booktitle = {Ecology and {{Evolutionary Biology}} Seminar (``{{Ecomunch}}'') at {{University}} of {{Oklahoma}}},
  author = {Curry, Claire M. and Patten, Michael A.},
  year = {2011},
  address = {Norman, OK, USA}
}

@inproceedings{currySongVariesYounger2011c,
  title = {Song Varies across Younger and Older Hybrid Zones in {{Black-crested}} ({{{\emph{Baeolophus}}}}{\emph{ Atricristatus}}) and {{Tufted}} ({{{\emph{B}}}}{\emph{. Bicolor}}) Titmice [{{Poster}}]},
  booktitle = {Graduate {{College Student Research}} and {{Performance Day}}, {{University}} of {{Oklahoma}}},
  author = {Curry, Claire M. and Patten, Michael A.},
  year = {2011},
  address = {Norman, OK, USA}
}

@inproceedings{curryZeroOnline602020,
  title = {Zero to Online in 60 Seconds: Moving {{Undergraduate Research Day}} to {{Open Science Framework}} [{{Lightning}} Talk]},
  booktitle = {University {{Library Day}}},
  author = {Curry, Claire M.},
  year = {2020},
  address = {Virtual}
}

@inproceedings{koperEffectsNoisyOil2017,
  title = {Effects of Noisy Oil and Gas Infrastructure and Anthropogenic Noise on Abundance, Productivity, and Behaviour of Grassland Songbirds [{{Invited}} Seminar]},
  booktitle = {Universit{\'e} Du {{Queb{\'e}c}} {\`a} {{Trois-Rivi{\`e}res Seminar Series}}},
  author = {Koper, Nicola and Rosa, Patricia and Curry, Claire M. and {Bernath-Plaisted}, Jacy and Warrington, Miya and Nenninger, Heather R.},
  year = {2017},
  address = {Trois-Rivi{\`e}res QC, Canada}
}

@inproceedings{koperEffectsNoisyPetroleum2017,
  title = {Effects of Noisy Petroleum Infrastructure on Grassland Songbirds in {{Alberta}}, {{Canada}}},
  booktitle = {Entomology {{Department Seminar Series}}, {{University}} of {{Manitoba}}},
  author = {Koper, Nicola and Rosa, Patricia and Curry, Claire M. and {Bernath-Plaisted}, Jacy and Nenninger, Heather R. and Daniel, Jody},
  year = {2017},
  address = {Winnipeg, MB, Canada}
}

@inproceedings{koperEffectsNoisyPetroleum2017a,
  title = {Effects of Noisy Petroleum Infrastructure on Grassland Songbirds in {{Alberta}}, {{Canada}} [{{Invited}} Seminar]},
  booktitle = {St. {{George}}'s {{University}}, {{Grenada}}},
  author = {Koper, Nicola and Rosa, Patricia and Curry, Claire M. and {Bernath-Plaisted}, Jacy and Nenninger, Heather R. and Daniel, Jody},
  year = {2017},
  address = {Grenada, West Indies}
}

@inproceedings{koperIndustrialNoiseOil2017,
  title = {Industrial Noise and Oil Wells: Effects on Birds [{{Invited}} Seminar]},
  booktitle = {University of {{Winnipeg Seminar Series}}},
  author = {Koper, Nicola and Rosa, Patricia and Curry, Claire M. and {Bernath-Plaisted}, Jacy and Nenninger, Heather R. and Daniel, Jody},
  year = {2017},
  address = {Winnipeg, MB, Canada}
}
