@inproceedings{curryCanTheyHear2018,
  title = {Can They Hear Each Other Now? {{Noise}} and Its Effects on Birds in the {{Canadian}} Prairies and Elsewhere},
  booktitle = {Oklahoma {{City Audubon Society}}},
  author = {Curry, Claire M.},
  year = {2018},
  month = jan,
  address = {Oklahoma City, OK, USA}
}

@inproceedings{curryCanTheyHear2019,
  title = {Can They Hear Each Other Now? {{Noise}} and Its Effects on Birds in the {{Canadian}} Prairies and Elsewhere},
  booktitle = {Fort {{Worth Audubon Society}}},
  author = {Curry, Claire M.},
  year = {2019},
  month = feb,
  address = {Fort Worth, TX, USA}
}

@inproceedings{curryEvolutionActionOklahoma2015,
  title = {Evolution in Action in {{Oklahoma}} and {{Texas}}},
  booktitle = {Jenks {{High School AP Environmental Science Class}}, {{Mr}}. {{Bryan Yockers}}, Four Periods)},
  author = {Curry, Claire M.},
  year = {2015},
  address = {Virtual}
}

@inproceedings{curryHybridZonesTitmice2009,
  title = {Hybrid Zones: Titmice and the Nature of Species},
  booktitle = {Darwin-a-Thon Public Education Event at {{University}} of {{Oklahoma}}},
  author = {Curry, Claire M.},
  year = {2009},
  address = {Norman, OK, USA}
}

@inproceedings{curryTitmiceOklahomaTexas2012,
  title = {Titmice in {{Oklahoma}} and {{Texas}}: What Makes a Hybrid Zone?},
  booktitle = {Oklahoma {{City Audubon Society}}},
  author = {Curry, Claire M.},
  year = {2012},
  address = {Oklahoma City, OK, USA}
}

@inproceedings{koperIfWeBuild2016,
  title = {If We Build It, Will They Come? {{Manitoba}}'s Grassland Birds and Their Native Prairie Habitats},
  booktitle = {Living {{Prairie Museum Public Lecture Series}}},
  author = {Koper, Nicola and Bruinsma, D. and Curry, Claire M. and McDonald, Laurel and Warrington, Miya and {Bernath-Plaisted}, Jacy and Nenninger, Heather R. and Prokopanko, Erin},
  year = {2016},
  address = {Winnipeg, MB, Canada}
}
